<?xml version="1.0" encoding="UTF-8"?><record xmlns="http://www.loc.gov/MARC21/slim" xmlns:cinclude="http://apache.org/cocoon/include/1.0" xmlns:zs="http://www.loc.gov/zing/srw/">
  <leader>00362nz  a2200133n  4500</leader>
  <controlfield tag="001">no 98057693 </controlfield>
  <controlfield tag="003">DLC</controlfield>
  <controlfield tag="005">19980203074013.6</controlfield>
  <controlfield tag="008">980202n| acannaab|          |n aaa     c</controlfield>
  <datafield tag="010" ind1=" " ind2=" ">
    <subfield code="a">no 98057693 </subfield>
  </datafield>
  <datafield tag="035" ind1=" " ind2=" ">
    <subfield code="a">(OCoLC)oca04645205 </subfield>
  </datafield>
  <datafield tag="040" ind1=" " ind2=" ">
    <subfield code="a">DHMM</subfield>
    <subfield code="c">DHMM</subfield>
  </datafield>
  <datafield tag="100" ind1="1" ind2="0">
    <subfield code="a">Cho, Stephen Peter</subfield>
  </datafield>
  <datafield tag="670" ind1=" " ind2=" ">
    <subfield code="a">The problem of nihilism in Heidegger, 1996:</subfield>
    <subfield code="b">t.p. (Stephen Peter Cho)</subfield>
  </datafield>
</record>